<?xml version="1.0" encoding="UTF-8"?><collection xmlns="http://www.loc.gov/MARC21/slim"><record><leader>00466nam--2200157-i-4500</leader><controlfield tag="001">000011073</controlfield><controlfield tag="002">20161230</controlfield><controlfield tag="005">20170205212201</controlfield><controlfield tag="008">060222s1000------------r-----000-0-eng-d</controlfield><datafield ind1=" " ind2=" " tag="080"><subfield code="a">513(075.8):512(075.8):517(075.8)</subfield></datafield><datafield ind1=" " ind2=" " tag="100"><subfield code="a">Dieudonne, Jean</subfield></datafield><datafield ind1=" " ind2=" " tag="245"><subfield code="a">Elements d analyse</subfield></datafield><datafield ind1=" " ind2=" " tag="260"><subfield code="a">Paris</subfield><subfield code="b">Gauthier-Villars Editeur</subfield><subfield code="c">1972</subfield></datafield><datafield ind1=" " ind2=" " tag="490"><subfield code="a">Cahiers Scientifiques Publies Sous La Direction De M.Gaston Julia</subfield></datafield><datafield ind1=" " ind2=" " tag="852"><subfield code="a">40014</subfield><subfield code="c">517</subfield></datafield><datafield ind1=" " ind2=" " tag="CAT"><subfield code="a">SYS</subfield><subfield code="c">20170205</subfield><subfield code="h">212201</subfield></datafield></record></collection>